<?xml version="1.0" encoding="UTF-8"?><collection xmlns="http://www.loc.gov/MARC21/slim"><record><leader>00561nam--2200217-u-4500</leader><controlfield tag="001">000050294</controlfield><controlfield tag="002">20161230</controlfield><controlfield tag="003">13669</controlfield><controlfield tag="005">20161230201048</controlfield><controlfield tag="008">060418s1000------------r-----000-0-eng-d</controlfield><datafield ind1=" " ind2=" " tag="020"><subfield code="a">0-444-51123-7</subfield></datafield><datafield ind1=" " ind2=" " tag="080"><subfield code="a">511.46:515.17</subfield></datafield><datafield ind1="1" ind2=" " tag="100"><subfield code="a">Olariu, Silviu</subfield></datafield><datafield ind1="1" ind2="0" tag="245"><subfield code="a">Complex Numbers in n Dimensions</subfield><subfield code="c">Silviu Olariu</subfield></datafield><datafield ind1=" " ind2=" " tag="260"><subfield code="a">New York</subfield><subfield code="b">Elsevier</subfield><subfield code="c">2002</subfield></datafield><datafield ind1=" " ind2=" " tag="300"><subfield code="a">269 p</subfield></datafield><datafield ind1=" " ind2="0" tag="490"><subfield code="a">North-Holland Mathematics Studies</subfield><subfield code="v">Vol. 190</subfield></datafield><datafield ind1=" " ind2="4" tag="650"><subfield code="a">matematica</subfield></datafield><datafield ind1="1" ind2=" " tag="700"><subfield code="a">Olariu Silviu</subfield></datafield><datafield ind1=" " ind2=" " tag="852"><subfield code="a">13669</subfield></datafield><datafield ind1=" " ind2=" " tag="CAT"><subfield code="a">Sys</subfield><subfield code="c">20060515</subfield><subfield code="h">121429</subfield></datafield></record></collection>